@inproceedings{ABC,
  author    = {Brayton, Robert K.  and
                Mishchenko, Alan},
  title     = {ABC: An Academic Industrial-Strength Verification Tool},
  booktitle = {Proc.~CAV'10},
  year      = {2010},
  pages     = {24--40},
}

@article{aspvall1979linear,
  title={A linear-time algorithm for testing the truth of certain quantified boolean formulas},
  author={Aspvall, Bengt and Plass, Michael F and Tarjan, Robert Endre},
  journal={Information Processing Letters},
  volume={8},
  number={3},
  pages={121--123},
  year={1979},
  publisher={Elsevier}
}

@inproceedings{cutsweeping,
  author    = {Alan Mishchenko and
               Satrajit Chatterjee and
               Robert K. Brayton},
  title     = {{DAG}-aware {AIG} rewriting: A fresh look at combinational logic
               synthesis},
  booktitle = {Proceedings of the 43rd Design Automation Conference (DAC 2006)},
  year      = {2006},
  pages     = {532--535},
  editor    = {Ellen Sentovich},
  publisher = {ACM},
}

@article{Davis:1962:MPT:368273.368557,
 author = {Davis, Martin and Logemann, George and Loveland, Donald},
 title = {A Machine Program for Theorem-proving},
 journal = {Commun. ACM},
 issue_date = {July 1962},
 volume = {5},
 number = {7},
 month = jul,
 year = {1962},
 issn = {0001-0782},
 pages = {394--397},
 numpages = {4},
 url = {http://doi.acm.org/10.1145/368273.368557},
 doi = {10.1145/368273.368557},
 acmid = {368557},
 publisher = {ACM},
 address = {New York, NY, USA},
} 

@article{Davis:1960:CPQ:321033.321034,
 author = {Davis, Martin and Putnam, Hilary},
 title = {A Computing Procedure for Quantification Theory},
 journal = {J. ACM},
 issue_date = {July 1960},
 volume = {7},
 number = {3},
 month = jul,
 year = {1960},
 issn = {0004-5411},
 pages = {201--215},
 numpages = {15},
 url = {http://doi.acm.org/10.1145/321033.321034},
 doi = {10.1145/321033.321034},
 acmid = {321034},
 publisher = {ACM},
 address = {New York, NY, USA},
} 

@inproceedings{cook1971complexity,
  title={The complexity of theorem-proving procedures},
  author={Cook, Stephen A},
  booktitle={Proceedings of the third annual ACM symposium on Theory of computing},
  pages={151--158},
  year={1971},
  organization={ACM}
}

@inproceedings{holldobler2010improving,
  title={Improving resource-unaware SAT solvers},
  author={H{\"o}lldobler, Steffen and Manthey, Norbert and Saptawijaya, Ari},
  booktitle={Logic for Programming, Artificial Intelligence, and Reasoning},
  pages={519--534},
  year={2010},
  organization={Springer}
}

@inproceedings{holldobler2011short,
  title={A short overview on modern parallel sat-solvers},
  author={H{\"o}lldobler, Steffen and Manthey, Norbert and Nguyen, V and Stecklina, J and Steinke, P},
  booktitle={Proceedings of the International Conference on Advanced Computer Science and Information Systems},
  pages={201--206},
  year={2011}
}

@article{martins2012overview,
  title={An overview of parallel SAT solving},
  author={Martins, Ruben and Manquinho, Vasco and Lynce, In{\^e}s},
  journal={Constraints},
  volume={17},
  number={3},
  pages={304--347},
  year={2012},
  publisher={Springer}
}



@article{biere2009conflict,
  title={Conflict-driven clause learning SAT solvers},
  author={Biere, Armin and Heule, Marijn and van Maaren, Hans and Walsh, Toby},
  journal={Handbook of Satisfiability, Frontiers in Artificial Intelligence and Applications},
  pages={131--153},
  year={2009}
}

@article{marques1999grasp,
  title={GRASP: A search algorithm for propositional satisfiability},
  author={Marques-Silva, Jo{\~a}o P and Sakallah, Karem A},
  journal={Computers, IEEE Transactions on},
  volume={48},
  number={5},
  pages={506--521},
  year={1999},
  publisher={IEEE}
}

@inproceedings{chrabakh2003gridsat,
  title={GridSAT: A chaff-based distributed SAT solver for the grid},
  author={Chrabakh, Wahid and Wolski, Rich},
  booktitle={Proceedings of the 2003 ACM/IEEE conference on Supercomputing},
  pages={37},
  year={2003},
  organization={ACM}
}

@incollection{hyvarinen2012designing,
  title={Designing scalable parallel SAT solvers},
  author={Hyv{\"a}rinen, Antti EJ and Manthey, Norbert},
  booktitle={Theory and Applications of Satisfiability Testing--SAT 2012},
  pages={214--227},
  year={2012},
  publisher={Springer}
}

@article{schulz2010parallel,
  title={Parallel SAT solving on peer-to-peer desktop grids},
  author={Schulz, Sven and Blochinger, Wolfgang},
  journal={Journal of Grid Computing},
  volume={8},
  number={3},
  pages={443--471},
  year={2010},
  publisher={Springer}
}

@incollection{ohmura2009csat,
  title={c-sat: A Parallel SAT Solver for Clusters},
  author={Ohmura, Kei and Ueda, Kazunori},
  booktitle={Theory and Applications of Satisfiability Testing-SAT 2009},
  pages={524--537},
  year={2009},
  publisher={Springer}
}


@article{gil2008pmsat,
  title={PMSat: a parallel version of MiniSAT},
  author={Gil, Luis and Flores, Paulo and Silveira, Luis Miguel},
  journal={Journal on Satisfiability, Boolean Modeling and Computation},
  volume={6},
  pages={71--98},
  year={2008}
}

@article{bloom1970space,
  title={Space/time trade-offs in hash coding with allowable errors},
  author={Bloom, Burton H},
  journal={Communications of the ACM},
  volume={13},
  number={7},
  pages={422--426},
  year={1970},
  publisher={ACM}
}


@article{gropp1996mpi,
  title={A high-performance, portable implementation of the MPI message passing interface standard},
  author={Gropp, William and Lusk, Ewing and Doss, Nathan and Skjellum, Anthony},
  journal={Parallel computing},
  volume={22},
  number={6},
  pages={789--828},
  year={1996},
  publisher={Elsevier}
}

@article{totlamassive,
  title={Massive Parallelization of SAT Solvers},
  journal={CS262A Project Report},
	year={2014},
  author={Totla, Nishant and Devarakonda, Aditya}
}


@article{sorensson2005minisat,
  title={Minisat v1.13 a sat solver with conflict-clause minimization},
  author={Sorensson, Niklas and Een, Niklas},
  journal={SAT},
  volume={2005},
  year={2005}
}


@article{jurkowiak2005parallelization,
  title={A parallelization scheme based on work stealing for a class of SAT solvers},
  author={Jurkowiak, Bernard and Li, Chu Min and Utard, Gil},
  journal={Journal of Automated Reasoning},
  volume={34},
  number={1},
  pages={73--101},
  year={2005},
  publisher={Springer}
}

@inproceedings{blochinger2005zetasat,
  title={Zetasat-boolean satisfiability solving on desktop grids},
  author={Blochinger, Wolfgang and Westje, Wolfgang and Kuchlin, W and Wedeniwski, Sebastian},
  booktitle={Cluster Computing and the Grid, 2005. CCGrid 2005. IEEE International Symposium on},
  volume={2},
  pages={1079--1086},
  year={2005},
  organization={IEEE}
}

@inproceedings{chrabakh2003gradsat,
  title={GrADSAT: A parallel sat solver for the grid},
  author={Chrabakh, Wahid and Wolski, Rich},
  booktitle={Proceedings of IEEE SC03},
  year={2003}
}

@article{belov2014sat,
  title={SAT COMPETITION 2014},
  author={Belov, Anton and Diepold, Daniel and Heule, Marijn JH and J{\"a}rvisalo, Matti},
  year={2014}
}

@incollection{hyvarinen2011grid,
  title={Grid-based SAT solving with iterative partitioning and clause learning},
  author={Hyv{\"a}rinen, Antti EJ and Junttila, Tommi and Niemel{\"a}, Ilkka},
  booktitle={Principles and Practice of Constraint Programming--CP 2011},
  pages={385--399},
  year={2011},
  publisher={Springer}
}


@INPROCEEDINGS{parkes97backbones,
    author = {Andrew J. Parkes},
    title = {Clustering at the Phase Transition},
    booktitle = {In Proc. of the 14th Nat. Conf. on AI},
    year = {1997},
    pages = {340--345},
    publisher = {AAAI Press / The MIT Press}
}

@book{greenlaw1995limits,
  title={Limits to parallel computation: P-completeness theory},
  author={Greenlaw, Raymond and Hoover, H James and Ruzzo, Walter L},
  volume={200},
  year={1995},
  publisher={Oxford university press Oxford}
}

@inproceedings{biere13lingeling,
	author = {Biere, Armin},
	title = {Lingeling, Plingeling and Treengeling Entering the SAT Competition 2013.},
	booktitle = {In Proceedings of SAT Competition 2013, A. Balint, A. Belov, M. J. H.  Heule, M. J\"arvisalo (editors), vol. B-2013-1 of Department of Computer Science Series of Publications B pages 51-52, University of Helsinki, 2013.},
	year = 2013,
}

@inproceedings{bcd13,
  author = {Heule, Marijn J. H. and Biere, Armin},
  booktitle = {Proceedings of the 19th International Conference on Logic for Programming, Artificial Intelligence, and Reasoning (LPAR'13)},
  title = {Blocked Clause Decomposition},
  year = 2013
} 

@article{kullmann99,
title = "On a generalization of extended resolution ",
journal = "Discrete Applied Mathematics ",
volume = "96--97",
pages = "149--176",
year = "1999",
note = "",
author = "O. Kullmann"
}

@inproceedings{bce10,
	author          = {J\"arvisalo, Matti and Biere, Armin and Heule, Marijn J. H. },
	title           = {Blocked Clause Elimination},
	booktitle       = {TACAS '10},
	publisher       = {Springer},
	year            = {2010},
	editor          = {J. Esparza and R. Majumdar},
	volume          = {6015},
	series          = {LNCS},
	pages           = {129--144}
}

@article{jar12,
	year={2012},
	journal={Journal of Automated Reasoning},
	volume={49},
	number={4},
	title={Simulating Circuit-Level Simplifications on CNF},
	publisher={Springer Netherlands},
	author={J\"arvisalo, Matti and Biere, Armin and Heule, Marijn J. H.},
	pages={583-619}
}

@inproceedings{cca13,
  author = {Li, Chengqian and Fan, Yi},
  booktitle = {Proceedings of SAT Competition 2013: Solver and Benchmark Descriptions},
  title = {CCA2013},
  year = 2013
} 

@inproceedings{probsat12,
  author    = {Adrian Balint and
               Uwe Sch{\"o}ning},
  title     = {Choosing Probability Distributions for Stochastic Local
               Search and the Role of Make versus Break},
  booktitle = {SAT},
  year      = {2012},
  pages     = {16-29},
  ee        = {http://dx.doi.org/10.1007/978-3-642-31612-8_3},
  crossref  = {DBLP:conf/sat/2012},
  bibsource = {DBLP, http://dblp.uni-trier.de}
}

@incollection{vcepek2012properties,
  title={Properties of {SLUR} formulae},
  author={{\v{C}}epek, Ond{\v{r}}ej and Ku{\v{c}}era, Petr and Vl{\v{c}}ek, V{\'a}clav},
  booktitle={SOFSEM 2012: Theory and Practice of Computer Science},
  pages={177--189},
  year={2012},
  publisher={Springer}
}


@proceedings{DBLP:conf/sat/2012,
  editor    = {Alessandro Cimatti and
               Roberto Sebastiani},
  title     = {Theory and Applications of Satisfiability Testing - SAT
               2012 - 15th International Conference, Trento, Italy, June
               17-20, 2012. Proceedings},
  booktitle = {SAT},
  publisher = {Springer},
  series    = {LNCS},
  volume    = {7317},
  year      = {2012},
  isbn      = {978-3-642-31611-1},
  ee        = {http://dx.doi.org/10.1007/978-3-642-31612-8},
  bibsource = {DBLP, http://dblp.uni-trier.de}
}

@inproceedings{sparrow10,
  author    = {Adrian Balint and
               Andreas Fr{\"o}hlich},
  title     = {Improving Stochastic Local Search for SAT with a New Probability
               Distribution},
  booktitle = {SAT},
  year      = {2010},
  pages     = {10-15},
  ee        = {http://dx.doi.org/10.1007/978-3-642-14186-7_3},
  crossref  = {DBLP:conf/sat/2010},
  bibsource = {DBLP, http://dblp.uni-trier.de}
}

@inproceedings{selman1992new,
  title={A New Method for Solving Hard Satisfiability Problems.},
  author={Selman, Bart and Levesque, Hector J and Mitchell, David G and others},
  booktitle={AAAI},
  volume={92},
  pages={440--446},
  year={1992}
}

@inproceedings{kautz1992planning,
  title={Planning as Satisfiability.},
  author={Kautz, Henry A and Selman, Bart and others},
  booktitle={ECAI},
  volume={92},
  pages={359--363},
  year={1992}
}

@inproceedings{flanagan2003theorem,
  title={Theorem proving using lazy proof explication},
  author={Flanagan, Cormac and Joshi, Rajeev and Ou, Xinming and Saxe, James B},
  booktitle={Computer Aided Verification},
  pages={355--367},
  year={2003},
  organization={Springer}
}

@inproceedings{moskewicz2001chaff,
  title={Chaff: Engineering an efficient {SAT} solver},
  author={Moskewicz, Matthew W and Madigan, Conor F and Zhao, Ying and Zhang, Lintao and Malik, Sharad},
  booktitle={Proceedings of the 38th annual Design Automation Conference},
  pages={530--535},
  year={2001},
  organization={ACM}
}

@article{hamadi2008manysat,
  title={ManySAT: a parallel SAT solver},
  author={Hamadi, Youssef and Jabbour, Said and Sais, Lakhdar},
  journal={Journal on Satisfiability, Boolean Modeling and Computation},
  volume={6},
  pages={245--262},
  year={2008}
}

@article{hyvarinen2014incorporating,
  title={Incorporating clause learning in grid-based randomized SAT solving},
  author={Hyv{\"a}rinen, Antti EJ and Junttila, Tommi and Niemela, Ilkka},
  journal={Journal on Satisfiability, Boolean Modeling and Computation},
  volume={6},
  pages={223--244},
  year={2014}
}

@inproceedings{audemard2009predicting,
  title={Predicting Learnt Clauses Quality in Modern SAT Solvers.},
  author={Audemard, Gilles and Simon, Laurent},
  booktitle={IJCAI},
  volume={9},
  pages={399--404},
  year={2009}
}

@incollection{audemard2014lazy,
  title={Lazy clause exchange policy for parallel SAT solvers},
  author={Audemard, Gilles and Simon, Laurent},
  booktitle={Theory and Applications of Satisfiability Testing--SAT 2014},
  pages={197--205},
  year={2014},
  publisher={Springer}
}


@proceedings{DBLP:conf/sat/2010,
  editor    = {Ofer Strichman and
               Stefan Szeider},
  title     = {Theory and Applications of Satisfiability Testing - SAT
               2010, 13th International Conference, SAT 2010, Edinburgh,
               UK, July 11-14, 2010. Proceedings},
  booktitle = {SAT},
  publisher = {Springer},
  series    = {LNCS},
  volume    = {6175},
  year      = {2010},
  isbn      = {978-3-642-14185-0},
  ee        = {http://dx.doi.org/10.1007/978-3-642-14186-7},
  bibsource = {DBLP, http://dblp.uni-trier.de}
}

@inproceedings{inprocessing,
  author    = {J{\"a}rvisalo, Matti and
               Heule, Marijn J. H. and
               Biere, Armin},
  title     = {Inprocessing Rules},
  pages     = {355-370},
  booktitle     = {Proceedings of IJCAR 2012},
  publisher = {Springer},
  series    = {LNCS},
  volume    = {7364},
  year      = {2012},
}

@Article{aigs,
  author =       " Kuehlmann, Andreas and  Paruthi, Viresh and  Krohm, Florian
                 and Ganai, Malay K. ",
  title =        "Robust Boolean Reasoning for Equivalence Checking and
                 Functional Property Verification",
  journal =      "IEEE Transactions on Computer-Aided Design of
                 Integrated Circuits and Systems",
  year =         "2002",
  volume =       "21",
  number =       "12",
}

@Article{hydra,
	author = {Lin Xu and Holger Hoos and Kevin Leyton-Brown},
	title = {Hydra: Automatically Configuring Algorithms for Portfolio-Based Selection},
	journal = {AAAI Conference on Artificial Intelligence},
	year = {2010}
}

@inproceedings{DBLP:conf/cp/GuoHJS10,
author = {Long Guo and
Youssef Hamadi and
Sa{\"{\i}}d Jabbour and
Lakhdar Sais},
title = {Diversification and Intensification in Parallel {SAT} Solving},
booktitle = {Principles and Practice of Constraint Programming - {CP} 2010},
pages = {252--265},
year = {2010},
crossref = {DBLP:conf/cp/2010},
timestamp = {Thu, 02 Dec 2010 09:54:47 +0100},
biburl = {http://dblp.uni-trier.de/rec/bib/conf/cp/GuoHJS10},
bibsource = {dblp computer science bibliography, http://dblp.org}
}

@proceedings{DBLP:conf/cp/2010,
editor = {David Cohen},
title = {Principles and Practice of Constraint Programming - {CP} 2010 - 16th
International Conference, {CP} 2010, St. Andrews, Scotland, UK, September
6-10, 2010. Proceedings},
series = {Lecture Notes in Computer Science},
volume = {6308},
publisher = {Springer},
year = {2010},
isbn = {978-3-642-15395-2},
timestamp = {Thu, 02 Dec 2010 09:45:00 +0100},
biburl = {http://dblp.uni-trier.de/rec/bib/conf/cp/2010},
bibsource = {dblp computer science bibliography, http://dblp.org}
}

@article{KourilPaul:2008,
author = { Michal   Kouril  and  Jerome L.   Paul },
title = {The {van der Waerden Number W(2, 6)} Is 1132},
journal = {Experimental Mathematics},
volume = {17},
number = {1},
pages = {53-61},
year = {2008},
URL = {http://dx.doi.org/10.1080/10586458.2008.10129025}
}

@Article{Gowers:2001,
author="Gowers, W.T.",
title="A new proof of {Szemer{\'e}di}'s theorem",
journal="Geometric \& Functional Analysis GAFA",
volume="11",
number="3",
pages="465--588",
issn="1420-8970",
year = {2001},
url="http://dx.doi.org/10.1007/s00039-001-0332-9"
}

@article{PlaistedGreenbaum:1986,
  author    = {David A. Plaisted and Steven Greenbaum},
  title     = {A Structure-Preserving Clause Form Translation},
  journal   = {J. Symb. Comput.},
  volume    = {2},
  number    = {3},
  year      = {1986},
  pages     = {293-304},
  url       = {http://dx.doi.org/10.1016/S0747-7171(86)80028-1}
}

@inproceedings{HN2013,
  author    = {Steffen H{\"{o}}lldobler and Van Hau Nguyen},
  title     = {On {SAT-Encodings} of the At-Most-One Constraint},
  editor    = {George Katsirelos and Claude-Guy Quimper},
  booktitle = {Proc. The Twelfth International Workshop on Constraint Modelling
               and Reformulation, Uppsala, Sweden, September 16-20},
  year      = {2013},
  pages     = {1-17}
}

@Article{Sheeran2000,
author="Sheeran, Mary
and St{\aa}lmarck, Gunnar",
title="A Tutorial on {S}t{\aa}lmarck's Proof Procedure for Propositional Logic",
journal="Formal Methods in System Design",
year="2000",
volume="16",
number="1",
pages="23--58",
url="http://dx.doi.org/10.1023/A:1008725524946"
}

@inproceedings{Selman-etal:1992,
 author = {Selman, Bart and Levesque, Hector and Mitchell, David},
 title = {A New Method for Solving Hard Satisfiability Problems},
 booktitle = {Proceedings of the Tenth National Conference on Artificial Intelligence},
 series = {AAAI'92},
 year = {1992},
 pages = {440--446},
 url = {http://dl.acm.org/citation.cfm?id=1867135.1867203},
 publisher = {AAAI Press}
} 

@book{SecondDIMACS:1996,
 editor = {Johnson, David J. and Trick, Michael A.},
 title = {Cliques, Coloring, and Satisfiability: Second DIMACS Implementation Challenge, Workshop, October 11-13, 1993},
 year = {1996},
 isbn = {0821866095},
 publisher = {American Mathematical Society},
 address = {Boston, MA, USA},
}

@inproceedings{AudemardSimon:2009,
 author = {Audemard, Gilles and Simon, Laurent},
 title = {Predicting Learnt Clauses Quality in Modern SAT Solvers},
 booktitle = {Proceedings of the 21st International Jont Conference on Artifical Intelligence},
 series = {IJCAI'09},
 year = {2009},
 location = {Pasadena, California, USA},
 pages = {399--404},
 numpages = {6},
 url = {http://dl.acm.org/citation.cfm?id=1661445.1661509},
 acmid = {1661509},
 publisher = {Morgan Kaufmann Publishers Inc.},
 address = {San Francisco, CA, USA},
}

@inproceedings{EenBiere:2005,
 author = {E{\'e}n, Niklas and Biere, Armin},
 title = {Effective Preprocessing in {SAT} Through Variable and Clause Elimination},
 booktitle = {Proceedings of the 8th International Conference on Theory and Applications of Satisfiability Testing},
 year = {2005},
 pages = {61--75},
 url = {http://dx.doi.org/10.1007/11499107_5},
 doi = {10.1007/11499107_5},
 publisher = {Springer-Verlag},
 address = {Berlin, Heidelberg}
} 

@article{Cook:1976,
 author = {Cook, Stephen A.},
 title = {A Short Proof of the Pigeon Hole Principle Using Extended Resolution},
 journal = {SIGACT News},
 volume = {8},
 number = {4},
 month = oct,
 year = {1976},
 pages = {28--32},
 url = {http://doi.acm.org/10.1145/1008335.1008338},
 publisher = {ACM}
}

@phdthesis{Haken:1984,
 author = {Haken, Armin},
 title = {The Intractability of Resolution (Complexity)},
 year = {1984},
 school = {University of Illinois at Urbana-Champaign},
 address = {Champaign, IL, USA},
}

@inproceedings{Inprocessing:2012,
author="J{\"a}rvisalo, Matti
and Heule, Marijn J. H.
and Biere, Armin",
title="Inprocessing Rules",
bookTitle="Automated Reasoning: 6th International Joint Conference, IJCAR 2012, Manchester, UK, June 26-29, 2012. Proceedings",
year="2012",
publisher="Springer Berlin Heidelberg",
pages={355--370},
url="http://dx.doi.org/10.1007/978-3-642-31365-3_28"
}
 
